<?xml version="1.0" encoding="UTF-8"?><collection xmlns="http://www.loc.gov/MARC21/slim"><record><leader>00342nam--2200145-i-4500</leader><controlfield tag="001">000041541</controlfield><controlfield tag="002">20161230</controlfield><controlfield tag="005">20170210000147</controlfield><controlfield tag="008">060222s1000------------r-----000-0-eng-d</controlfield><datafield ind1=" " ind2=" " tag="100"><subfield code="a">Siegbahn, Kai</subfield></datafield><datafield ind1=" " ind2=" " tag="245"><subfield code="a">Les prix nobel en 1958</subfield></datafield><datafield ind1=" " ind2=" " tag="260"><subfield code="a">Stockholm</subfield><subfield code="b">Kungl.Bektr</subfield><subfield code="c">1959</subfield></datafield><datafield ind1=" " ind2=" " tag="300"><subfield code="a">6 p</subfield></datafield><datafield ind1=" " ind2=" " tag="852"><subfield code="a">7058</subfield></datafield><datafield ind1=" " ind2=" " tag="CAT"><subfield code="a">SYS</subfield><subfield code="c">20170210</subfield><subfield code="h">000147</subfield></datafield></record></collection>